<record><leader>00000cas a2200000 a 4500</leader><controlfield tag="001">45966174</controlfield><controlfield tag="008">010219d20002001okuqr ne      0   a0eng c</controlfield><controlfield tag="009">1313</controlfield><datafield ind1=" " ind2=" " tag="010"><subfield code="a">  2002211560</subfield></datafield><datafield ind1=" " ind2=" " tag="040"><subfield code="a">WIH</subfield><subfield code="b">eng</subfield><subfield code="c">WIH</subfield><subfield code="d">NSD</subfield><subfield code="d">NYS</subfield><subfield code="d">CUV</subfield><subfield code="d">ZP2</subfield><subfield code="d">NSD</subfield><subfield code="d">OCLCQ</subfield><subfield code="d">OCLCF</subfield></datafield><datafield ind1=" " ind2=" " tag="012"><subfield code="l">1</subfield></datafield><datafield ind1="1" ind2=" " tag="022"><subfield code="a">1540-0573</subfield><subfield code="l">1540-0573</subfield><subfield code="2">1</subfield></datafield><datafield ind1="1" ind2=" " tag="029"><subfield code="a">AU@</subfield><subfield code="b">000023601811</subfield></datafield><datafield ind1=" " ind2=" " tag="042"><subfield code="a">nsdp</subfield><subfield code="a">pcc</subfield></datafield><datafield ind1=" " ind2=" " tag="043"><subfield code="a">n-us-ok</subfield></datafield><datafield ind1=" " ind2="4" tag="050"><subfield code="a">E75</subfield><subfield code="b">.C442</subfield></datafield><datafield ind1=" " ind2="0" tag="222"><subfield code="a">Cherokee phoenix and Indian advocate</subfield></datafield><datafield ind1="0" ind2="0" tag="245"><subfield code="a">Cherokee phoenix and Indian advocate.</subfield></datafield><datafield ind1="3" ind2="0" tag="246"><subfield code="a">Cherokee phoenix</subfield></datafield><datafield ind1=" " ind2=" " tag="260"><subfield code="a">Tahlequah, Okla. :</subfield><subfield code="b">Cherokee Nation,</subfield><subfield code="c">c2000-2001.</subfield></datafield><datafield ind1=" " ind2=" " tag="300"><subfield code="a">v. :</subfield><subfield code="b">ill. (some col.) ;</subfield><subfield code="c">35 cm.</subfield></datafield><datafield ind1=" " ind2=" " tag="310"><subfield code="a">Quarterly</subfield></datafield><datafield ind1="0" ind2=" " tag="362"><subfield code="a">Vol. 24, no. 4 (Fall 2000)-v. 25, no. 4 (autumn 2001).</subfield></datafield><datafield ind1=" " ind2=" " tag="500"><subfield code="a">Title from cover.</subfield></datafield><datafield ind1=" " ind2=" " tag="530"><subfield code="a">Also available via the World Wide Web.</subfield></datafield><datafield ind1=" " ind2="0" tag="650"><subfield code="a">Cherokee Indians</subfield><subfield code="z">Oklahoma</subfield><subfield code="v">Newspapers.</subfield></datafield><datafield ind1=" " ind2="0" tag="651"><subfield code="a">Tahlequah (Okla.)</subfield><subfield code="v">Newspapers.</subfield></datafield><datafield ind1=" " ind2="0" tag="651"><subfield code="a">Cherokee County (Okla.)</subfield><subfield code="v">Newspapers.</subfield></datafield><datafield ind1=" " ind2="7" tag="655"><subfield code="a">Newspapers.</subfield><subfield code="2">fast</subfield><subfield code="0">(OCoLC)fst01423814</subfield></datafield><datafield ind1=" " ind2="7" tag="650"><subfield code="a">Cherokee Indians.</subfield><subfield code="2">fast</subfield><subfield code="0">(OCoLC)fst00853662</subfield></datafield><datafield ind1=" " ind2="7" tag="651"><subfield code="a">Oklahoma.</subfield><subfield code="2">fast</subfield><subfield code="0">(OCoLC)fst01205031</subfield></datafield><datafield ind1=" " ind2="7" tag="651"><subfield code="a">Oklahoma</subfield><subfield code="z">Cherokee County.</subfield><subfield code="2">fast</subfield><subfield code="0">(OCoLC)fst01221267</subfield></datafield><datafield ind1=" " ind2="7" tag="651"><subfield code="a">Oklahoma</subfield><subfield code="z">Tahlequah.</subfield><subfield code="2">fast</subfield><subfield code="0">(OCoLC)fst01207138</subfield></datafield><datafield ind1="1" ind2=" " tag="710"><subfield code="a">Cherokee Nation, Oklahoma.</subfield></datafield><datafield ind1=" " ind2=" " tag="752"><subfield code="a">United States</subfield><subfield code="b">Oklahoma</subfield><subfield code="c">Cherokee</subfield><subfield code="d">Tahlequah.</subfield></datafield><datafield ind1="0" ind2="0" tag="780"><subfield code="t">Cherokee advocate (Tahlequah, Okla. : 1977)</subfield><subfield code="w">(OCoLC)6168829</subfield></datafield><datafield ind1="0" ind2="0" tag="785"><subfield code="t">Cherokee phoenix (Tahlequah, Okla. : 2002)</subfield><subfield code="w">(OCoLC)53811290</subfield></datafield><datafield ind1="4" ind2="1" tag="856"><subfield code="u">http://www.cherokee.org/</subfield><subfield code="z">Click on "Phoenix" to view issues</subfield></datafield></record>